<?xml version="1.0" encoding="UTF-8"?><record xmlns="http://www.loc.gov/MARC21/slim" xmlns:cinclude="http://apache.org/cocoon/include/1.0" xmlns:zs="http://www.loc.gov/zing/srw/">
  <leader>00705cz  a2200145n  4500</leader>
  <controlfield tag="001">n  83212196 </controlfield>
  <controlfield tag="003">DLC</controlfield>
  <controlfield tag="005">20090104081712.0</controlfield>
  <controlfield tag="008">831128n| acannaabn          |a ana     c</controlfield>
  <datafield tag="010" ind1=" " ind2=" ">
    <subfield code="a">n  83212196 </subfield>
  </datafield>
  <datafield tag="035" ind1=" " ind2=" ">
    <subfield code="a">(OCoLC)oca01021390</subfield>
  </datafield>
  <datafield tag="040" ind1=" " ind2=" ">
    <subfield code="a">InU</subfield>
    <subfield code="b">eng</subfield>
    <subfield code="c">DLC</subfield>
    <subfield code="d">OCoLC</subfield>
  </datafield>
  <datafield tag="110" ind1="2" ind2=" ">
    <subfield code="a">Inter American University of Puerto Rico.</subfield>
    <subfield code="b">San Germán Campus</subfield>
  </datafield>
  <datafield tag="410" ind1="2" ind2=" ">
    <subfield code="a">Inter American University of Puerto Rico.</subfield>
    <subfield code="b">Recinto de San Germán</subfield>
  </datafield>
  <datafield tag="670" ind1=" " ind2=" ">
    <subfield code="a">Anales (Inter American University of Puerto Rico, San Germán Campus. Dept. of Social Sciences). Anales, vol. 1, no. 1 (1980):</subfield>
    <subfield code="b">verso of t.p. (Inter American University of Puerto Rico - San Germán Campus; Universidad Interamericana de Puerto Rico - Recinto de San Germán)</subfield>
  </datafield>
</record>